<?xml version="1.0" encoding="UTF-8"?><record xmlns="http://www.loc.gov/MARC21/slim" xmlns:cinclude="http://apache.org/cocoon/include/1.0" xmlns:zs="http://www.loc.gov/zing/srw/">
  <leader>00678nz  a2200133n  4500</leader>
  <controlfield tag="001">n  93107252 </controlfield>
  <controlfield tag="003">DLC</controlfield>
  <controlfield tag="005">19931101124524.3</controlfield>
  <controlfield tag="008">931101n| acannaab|          |a ana |||  </controlfield>
  <datafield tag="010" ind1=" " ind2=" ">
    <subfield code="a">n  93107252 </subfield>
  </datafield>
  <datafield tag="040" ind1=" " ind2=" ">
    <subfield code="a">DLC</subfield>
    <subfield code="c">DLC</subfield>
  </datafield>
  <datafield tag="110" ind1="2" ind2="0">
    <subfield code="a">Redkollegii︠a︡ "Kinematika i fizika nebesnykh tel" (Akademii︠a︡ nauk Ukraïnsʹkoï RSR)</subfield>
  </datafield>
  <datafield tag="410" ind1="2" ind2="0">
    <subfield code="a">Akademii︠a︡ nauk USSR.</subfield>
    <subfield code="b">Redkollegii︠a︡ "Kinematika i fizika nebesnykh tel"</subfield>
  </datafield>
  <datafield tag="670" ind1=" " ind2=" ">
    <subfield code="a">Sklonenii︠a︡ Solnt︠s︡a i bolʹshikh planet, poluchennye iz nabli︠u︡deniĭ na vertikalʹnom kruge Vanshaffa v Goloseevo v 1986-1987 gg., 1991:</subfield>
    <subfield code="b">t.p. (Akademii︠a︡ nauk USSR, Redkollegii︠a︡ "Kinematika i fizika nebesnykh tel")</subfield>
  </datafield>
</record>